<?xml version="1.0" encoding="UTF-8"?><collection xmlns="http://www.loc.gov/MARC21/slim"><record><leader>00521nam--2200133-i-4500</leader><controlfield tag="001">000023151</controlfield><controlfield tag="002">20161230</controlfield><controlfield tag="005">20161230201034</controlfield><controlfield tag="008">060222s1000------------r-----000-0-eng-d</controlfield><datafield ind1=" " ind2=" " tag="080"><subfield code="a">621.384.66</subfield></datafield><datafield ind1=" " ind2=" " tag="100"><subfield code="a">Harmanci, Ali Emre</subfield></datafield><datafield ind1=" " ind2=" " tag="245"><subfield code="a">Estude d`un systeme analogique permettant l`identification des particules chargees a partir de leur energie et de leur pouvoir ionisant  adaptable a de nombreux cas d`espsece. these</subfield></datafield><datafield ind1=" " ind2=" " tag="260"><subfield code="a">Osrsay-paris, La Faculte Des Sciences De L`Universite, 1970. 108 + 12 Fig</subfield></datafield><datafield ind1=" " ind2=" " tag="852"><subfield code="a">35783</subfield></datafield></record></collection>